<?xml version="1.0" encoding="UTF-8"?><collection xmlns="http://www.loc.gov/MARC21/slim"><record><leader>00470nam--2200121-i-4500</leader><controlfield tag="001">000042511</controlfield><controlfield tag="002">20161230</controlfield><controlfield tag="005">20161230201043</controlfield><controlfield tag="008">060222s1000------------r-----000-0-eng-d</controlfield><datafield ind1=" " ind2=" " tag="080"><subfield code="a">621.64:621.56(094)</subfield></datafield><datafield ind1=" " ind2=" " tag="245"><subfield code="a">Prescriptii tehnice pt.recipeinte stabile sub presiune din instalatiile frigorifice. c 14-74. colectia inspectiei pt.cazane recipiente sub presiune si instalatii de ridicat. -i.s.c.i.r.- ed.oficiala</subfield></datafield><datafield ind1=" " ind2=" " tag="260"><subfield code="a">Bucuresti, Ed.Tehnica, 1974, 14p</subfield></datafield><datafield ind1=" " ind2=" " tag="852"><subfield code="a">42759</subfield></datafield></record></collection>